@article{Abdo-2005,
   author = "Z. Abdo and V.N. Minin and P. Joyce and J. Sullivan",
   title = "Accounting for uncertainty in the tree topology has little effect on the decision-theoretic approach to model selection in phylogeny estimation",
   year = "2005",
   volume = "22",
   pages = "691--703",
   journal = "Molecular Biology and Evolution",
}

@article{Akaike-1974,
   author = "H. Akaike",
   title = "A new look at the statistical model identification",
   year = "1974",
   volume = "19",
   pages = "716--723",
   journal = "IEEE Transactions on Automatic Control",
}

@article{Alfaro-2006",
   author = "M.E. Alfaro and J.P. Huelsenbeck",
   title = "Comparative performance of Bayesian and AIC-based measures of phylogenetic model uncertainty",
   year = "2006",
   volume = "55",
   pages = "89--96",
   journal = "Systematic Biology",
}

@article{Burnham-2003,
   author = "K.P. Burnham and D.R. Anderson",
   title = "Model selection and multimodel inference: a practical information-theoretic approach",
   year = "2003",
   journal = "Springer-Verlag, New York, NY",
}

@article{Burnham-1998,
   author = "K.P. Burnham and D.R. Anderson",
   title = "Model selection and inference: a practical information-theoretic approach",
   year = "1998",
   journal = "Springer-Verlag, New York, NY",
}

@article{Felsenstein-1988,
   author = "J. Felsenstein",
   title = "Phylogenies from molecular sequences: inference and reliability",
   year = "1988",
   volume = "22",
   pages = "521--565",
   journal = "Annual Review of Genetics",
}

@article{Felsenstein-1981,
   author = "J. Felsenstein",
   title = "Evolutionary trees from DNA sequences: A maximum likelihood approach",
   year = "1981",
   volume = "17",
   pages = "368--376",
   journal = "Journal of Molecular Evolution",
}

@article{Felsenstein-2005,
   author = "J. Felsenstein",
   title = "PHYLIP (Phylogeny Inference Package)",
   year = "2005",
   journal = "Department of Genome Sciences, University of Washington, Seattle",
}

@article{Gascuel-1997,
   author = "O. Gascuel",
   title = "BIONJ: an improved version of the NJ algorithm based on a simple model of sequence data",
   year = "1997",
   volume = "14",
   pages = "685--695",
   journal = "Molecular Biology and Evolution",
}

@article{Gilbert-2007,
   author = "D. Gilbert",
   title = "ReadSeq",
   year = "2007",
   journal = "Indiana University, Bloomington",
}

@article{Goldman-1993a,
   author = "N. Goldman",
   title = "Simple diagnostic statistical test of models of DNA substitution",
   year = "1993",
   volume = "37",
   pages = "650--661",
   journal = "Journal of Molecular Evolution",
}

@article{Goldman-1993b,
   author = "N. Goldman",
   title = "Statistical tests of models of DNA substitution",
   year = "1993",
   volume = "36",
   pages = "182--198",
   journal = "Journal of Molecular Evolution",
}

@article{Goldman-2000,
   author = "N. Goldman and S. Whelan",
   title = "Statistical tests of gamma-distributed rate heterogeneity in models of sequence evolution in phylogenetics",
   year = "2000",
   volume = "17",
   pages = "975--978",
   journal = "Molecular Biology and Evolution",
}

@article{Guindon-2003,
   author = "S. Guindon and O. Gascuel",
   title = "A simple, fast, and accurate algorithm to estimate large phylogenies by maximum likelihood",
   year = "2003",
   volume = "52",
   pages = "696--704",
   journal = "Systematic Biology",
}

@article{Hasegawa-1985,
   author = "M. Hasegawa and K. Kishino and T. Yano",
   title = "Dating the human-ape splitting by a molecular clock of mitochondrial DNA",
   year = "1985",
   volume = "22",
   pages = "160--174",
   journal = "Journal of Molecular Evolution",
}

@article{Hoeting-1999,
   author = "J.A. Hoeting and D. Madigan and A.E. Raftery",
   title = "Bayesian model averaging: A tutorial",
   year = "1999",
   volume = "14",
   pages = "382--417",
   journal = "Statistical Science",
}

@article{Huelsenbeck-2004,
   author = "J. Huelsenbeck and B. Larget and M.E. Alfaro",
   title = "Bayesian Phylogenetic Model Selection Using Reversible Jump Markov Chain Monte Carlo",
   year = "2004",
   volume = "21",
   pages = "1123--1133",
   journal = "Molecular Biology and Evolution",
}

@article{Hurvich-1989,
   author = "C.M. Hurvich and C.L. Tsai",
   title = "Regression and time series model selection in small samples",
   year = "1989",
   volume = "76",
   pages = "297--307",
   journal = "Biometrika",
}

@article{Johnson-2003,
   author = "J.B. Johnson and K.S. Omland",
   title = "Model selection in ecology and evolution",
   year = "2003",
   volume = "19",
   pages = "101--108",
   journal = "Trends in Ecology and Evolution",
}

@article{Jukes-1969,
   author = "T.H. Jukes and C.R. Cantor",
   title = "Evolution of protein molecules",
   year = "1969",
   pages = "21--132",
   journal = "Academic Press, New York, NY",
}

@article{Kendall-1979,
   author = "M. Kendall and A. Stuart",
   title = "The Advanced Theory of Statistics",
   year = "1979",
   journal = "Charles Griffin, London",
}

@article{Kimura-1981,
   author = "M. Kimura",
   title = "Estimation of evolutionary distances between homologous nucleotide sequences",
   year = "1981",
   volume = "78",
   pages = "454--458",
   journal = "Proceedings of the National Academy of Sciences, U.S.A",
}

@article{Kimura-1980,
   author = "M. Kimura",
   title = "A simple method for estimating evolutionary rate of base substitutions through comparative studies of nucleotide sequences",
   year = "1980",
   volume = "16",
   pages = "111--120",
   journal = "Journal of Molecular Evolution",
}

@article{Kullback-1951,
   author = "S. Kullback, R.A. Leibler",
   title = "On information and sufficiency",
   year = "1951",
   volume = "22",
   pages = "79--86",
   journal = "Annals of Mathematical Statistics",
}

@article{Madigan-1994,
   author = "D.M. Madigan and A.E. Raftery",
   title = "Model selection and accounting for model uncertainty in graphical models using Occam's Window",
   year = "1994",
   volume = "59",
   pages = "1335--1346",
   journal = "Journal of the American Statistical Association",
}

@article{Minin-2003,
   author = "V. Minin and Z. Abdo and P. Joyce, J. Sullivan",
   title = "Performance-based selection of likelihood models for phylogeny estimation",
   year = "2003",
   volume = "52",
   pages = "674--683",
   journal = "Systematic Biology",
}

@article{Ohta-1992,
   author = "T. Ohta",
   title = "Theoretical study of near neutrality. II. Effect of subdivided population structure with local extinction and recolonization",
   year = "1992",
   pages = "917--923",
   journal = "Genetics",
}

@article{Pol-2004,
   author = "D. Pol",
   title = "Empirical problems of the hierarchical likelihood ratio test for model selection",
   year = "2004",
   volume = "53",
   pages = "949--962",
   journal = "Systematic Biology",
}

@article{Posada-2001,
   author = "D. Posada",
   title = "The effect of branch length variation on the selection of models of molecular evolution",
   year = "2001",
   volume = "53",
   pages = "434--444",
   journal = "Journal of Molecular Evolution",
}

@article{Posada-2003,
   author = "D. Posada",
   title = "Using Modeltest and PAUP to select a model of nucleotide substitution",
   year = "2003",
   pages = "6.5.1-6.5.14",
}

@article{Posada-2004,
   author = "D. Posada and T.R. Buckley",
   title = "Model selection and model averaging in phylogenetics: advantages of Akaike Information Criterion and Bayesian approaches over likelihood ratio tests",
   year = "2004",
   volume = "53",
   pages = "793--808",
   journal = "Systematic Biology",
}

@article{Posada-2001a,
   author = "D. Posada and K. Crandall",
   title = "Selecting the best-fit model of nucleotide substitution",
   year = "2001",
   volume = "50",
   pages = "580--601",
   journal = "Systematic Biology",
}

@article{Posada-2001b,
   author = "D. Posada and K. Crandall",
   title = "Selecting models of nucleotide substitution: an application to human immunodeficiency virus 1 (HIV-1)",
   year = "2001",
   volume = "18",
   pages = "897--906",
   journal = "Molecular Biology and Evolution",
}

@article{Raftery-1996,
   author = "A.E. Raftery",
   title = "Hypothesis testing and model selection",
   year = "1996",
   pages = "163--187",
   journal = "Markov chain Monte Carlo in practice. Chapman and Hall, London",
}

@article{Schwarz-1978,
   author = "G. Schwarz",
   title = "Estimating the dimension of a model",
   year = "1978",
   volume = "6",
   pages = "461--464",
   journal = "The Annals of Statistics",
}
 
@article{Sugiura-1978,
   author = "N. Sugiura",
   title = "Further analysis of the data by Akaike's information criterion and the finite corrections",
   year = "1978",
   volume = "A7",
   pages = "13--26",
   journal = "Communications in Statisticsâ€“Theory and Methods",
}

@article{Sullivan-2005,
   author = "J. Sullivan and P. Joyce",
   title = "Model selection in phylogenetics",
   year = "2005",
   volume = "36",
   pages = "445--466",
   journal = "Annual Review of Ecology, Evolution and Systematics",
}
    
@article{Tamura-1993,
   author = "K. Tamura and M. Nei",
   title = "Estimation of the number of nucleotide substitutions in the control region of mitochondrial DNA in humans and chimpanzees",
   year = "1993",
   volume = "10",
   pages = "512--526",
   journal = "Molecular Biology and Evolution",
}
 
@article{Tavare-1986,
   author = "S. Tavar\'e",
   title = "Some probabilistic and statistical problems in the analysis of DNA sequences",
   year = "1986",
   pages = "57--86",
   journal = "Some mathematical questions in biology - DNA sequence analysis. Amer. Math. Soc., Providence, RI",
}

@article{Wasserman-2000,
   author = "L. Wasserman",
   title = "Bayesian Model Selection and Model Averaging",
   year = "2000",
   volume = "44",
   pages = "92--107",
   journal = "Journal of Mathematical Psychology 44:92-107",
}

@article{Whelan-1999,
   author = "S. Whelan and N. Goldman",
   title = "Distributions of statistics used for the comparison of models of sequence evolution in phylogenetics",
   year = "1999",
   volume = "16",
   pages = "1292--1299",
   journal = "Molecular Biology and Evolution",
}

@article{Yang-1995,
   author = "Z. Yang and N. Goldman and A.Friday",
   title = "Maximum likelihood trees from DNA sequences: a peculiar statistical estimation problem",
   year = "1995",
   volume = "44",
   pages = "384--399",
   journal = "Systematic Biology",
}

@article{Zharkikh-1994,
   author = "A. Zharkikh",
   title = "Estimation of evolutionary distances between nucleotide sequences",
   year = "1994",
   volume = "39",
   pages = "315--329",
   journal = "Journal of Molecular Evolution",
}
